%!TEX root = main.tex

%DATASHEET entry template:
@manual{hedg9000,
    organization  	= "Avago Technologies",
    title         	= "EDG-9000 Series - Codewheel for use with Avago Technologies - Ultra-precision 17-Bit Absolute Single Turn Encoder
	Encoder Modules AEAT-9000 series",
    year          	=  2011,
    month         	=  "Nov"
}

@manual{lev100,
    organization  	= "Tyco Electronics",
    title         	= "KILOVAC LEV100 Series 900Vdc Contactor",
    year          	=  2008
}


@manual{g6b,
	organization = "Omron",
	title = {G6B Power Relay - High Capacity and High Dielectric Strength Miniature Relay with Fully Sealed Construction}
}

@manual{heds5540,
	organization = {Avago Technologies},
	title = {HEDM-55xx/560x \& HEDS-55xx/56xx Quick Assembly Two and Three Channel Optical Encoders },
	year = {2014},
	month = {Nov},
}

@manual{tcst2103,
	organization = {Vishay},
    title = {Transmissive Optical Sensor with Phototransistor Output},
    year = {2017},
    month = {Feb},
}

@techreport{isaswarm,
    author = "Jaedicke, Mikkel S. and Christensen, Thomas S.",
    title = "Individual Study Activity - Developing the Swarmbot",
    institution = "University of Southern Denmark",
    year = "2017" }

@book{partial_induc,
	author = {Clayton, R. Paul},
	title = {The Concept of Partial Inductance},
	year = {2010},
	publisher = "Wiley"
}

@manual{sup_cap,
	organization = {Vishay},
    title = {Aluminum Electrolytic Capacitors SMD (Chip)},
    year = {2016},
    month = {Dec}
}
%\url{http://www.vishay.com/docs/28395/150crz.pdf}

@manual{relay,
	organization = {Durakool},
    title = {DG85 Series},
}
% IS this one still in use?
%\url{http://www.aecsensors.com/html/components/com_virtuemart/shop_image/product/Duplicates/pdfs/DG85D_Durakool-Automotive-Relay-Datasheet.pdf}

@manual{driver,
	organization = {Intersil},
    title = {HIP4081A Datasheet FN3659.8},
    year = {2015},
    month = {Sep}
}
%\url{http://www.intersil.com/content/dam/Intersil/documents/hip4/hip4081a.pdf}

@manual{diode_ds,
	organization = {Vishay},
    title = {US1B, Surface Mount Ultrafast Rectifier},
    year = {2014},
    month = {Apr}
}
%\url{http://docs-europe.electrocomponents.com/webdocs/1405/0900766b81405c8a.pdf}


@manual{bootstrap_infineon,
	author = {A. Merello and A. Rugginenti and M. Grasso},
    title = {Using Monolithic High Voltage Gate Drivers},
    organization = {International Rectifier}
}
%\url{http://www.infineon.com/dgdl/Infineon-Using+Monolithci+Voltage+Gate+Drivers-UM-v01_00-EN.pdf?fileId=5546d462584d1d4a01585242c11947b1}

@manual{bootstrap_ON,
	organization = {ON Semiconductor},
    title = {Design and Application Guide of Bootstrap Circuit for High-Voltage Gate-Drive IC},
    year = {2014},
    month = {Dec}
}
%\url{https://www.fairchildsemi.com/application-notes/AN/AN-6076.pdf}

@manual{mosfet,
	organization = {Infineon},
    title = {IPP045N10N3 Datasheet Rev. 2.8},
    year = {2016},
    month = {Aug}
}
%\url{http://www.infineon.com/dgdl/Infineon-IPP045N10N3G-DS-v02_08-EN.pdf?fileId=db3a30431ce5fb52011d1e8b0cc31586}

@manual{aeat9000,
	organization = {Avago Technologies},
    title = {AEAT-9000-1GSH1 (Basic Option) - Ultra-precision 17-Bit Absolute Single Turn Encoder},
    year = {2012},
    month = {Apr}
}

@manual{PTN78020H,
	organization = {Texas Instruments},
    title = {6-A, WIDE-INPUT ADJUSTABLE SWITCHING REGULATOR, PTN78020H},
    year = {2011},
    month = {Aug}
}
%http://www.ti.com/lit/ds/symlink/ptn78020h.pdf


@manual{shunt_placement,
	author = {Arjun Prakash},
	organization = {Texas Instruments},
    title = {Current Sensing in an H-Bridge},
    year = {2016},
    month = {Dec}
}
\http://www.ti.com/lit/an/sboa174/sboa174.pdf

@manual{Current_Sense_Circuit_Collection,
	author = {Tim Regan and Jon Munson and Greg Zimmer and Michael Stokowski},
	organization = {Linear Technology},
    title = {Current Sense Circuit Collection},
    year = {2005},
    month = {Dec}
}

@misc{adc_zynq_webanswer,
  title = {7 Series XADC / UltraScale SYSMON - Analog Input Range},
  author = "Xilinx",
  howpublished = {\url{www.xilinx.com/support/answers/44954.html}},
  note = {Accessed: 2017-09-12}
}

@manual{zynq_adc,
	organization = {Xilinx},
    title = {7 Series FPGAs and Zynq-7000 All Programmable SoC XADC Dual 12-Bit 1 MSPS Analog-to-Digital Converter User Guide},
    year = {2016},
    month = {Sep}
}
\https://www.xilinx.com/support/documentation/user_guides/ug480_7Series_XADC.pdf

@manual{INA286AID,
	organization = {Texas Instruments},
    title = {INA28x High-Accuracy, Wide Common-Mode Range, Bidirectional Current Shunt Monitors, Zero-Drift Series},
    year = {2015},
    month = {May}
}
\https://www.ti.com/lit/ds/symlink/ina286.pdf

@manual{ipc2152,
   Key = {{IPC 2152}},
   author = {{IPC – Association Connecting Electronics Industries}},
   type = {{Norm}},
   title = {{Standard for Determining Current-Carrying Capacity In Printed Board Design}},
   number = {{IPC 2152}},
   year = {{2009}},
}

@manual{ipc2221,
   Key = {{IPC 2221}},
   author = {{IPC – Association Connecting Electronics Industries}},
   type = {{Norm}},
   title = {{Generic Standard on Printed Board Design}},
   number = {{IPC 2221}},
   year = {{2003}},
}

@manual{conduct,
   Key = {{IPC 2221}},
   organization = {{National Bureau of Standards}},
   author = {{D. S. Hoynes}},
   type = {{Norm}},
   title = {{CHARACTERIZATION OF METAL-INSULATOR LAMINATES}},
   number = {{IPC 2221}},
   year = {{2003}},
}